<record><leader>00000cas a22000007a 4500</leader><controlfield tag="001">19910898</controlfield><controlfield tag="008">890622c19859999mauwr ne      0   a0eng d</controlfield><datafield ind1=" " ind2=" " tag="010"><subfield code="a">sn 89062041 </subfield></datafield><datafield ind1=" " ind2=" " tag="040"><subfield code="a">MGN</subfield><subfield code="b">eng</subfield><subfield code="c">MGN</subfield><subfield code="d">DLC</subfield><subfield code="d">NSD</subfield><subfield code="d">MGN</subfield><subfield code="d">OCLCQ</subfield></datafield><datafield ind1=" " ind2=" " tag="012"><subfield code="m">0</subfield></datafield><datafield ind1="1" ind2=" " tag="022"><subfield code="a">1071-149X</subfield><subfield code="l">1071-149X</subfield><subfield code="2">1</subfield></datafield><datafield ind1=" " ind2=" " tag="037"><subfield code="b">The Falmouth Pub. Co., Inc., 50 Depot Ave., Falmouth, MA 02541</subfield></datafield><datafield ind1=" " ind2=" " tag="042"><subfield code="a">msc</subfield><subfield code="a">nsdp</subfield></datafield><datafield ind1=" " ind2="4" tag="222"><subfield code="a">The Bourne enterprise</subfield></datafield><datafield ind1="0" ind2="4" tag="245"><subfield code="a">The Bourne enterprise.</subfield></datafield><datafield ind1=" " ind2=" " tag="260"><subfield code="a">[Falmouth, Mass.] :</subfield><subfield code="b">John T. Hough,</subfield></datafield><datafield ind1=" " ind2=" " tag="300"><subfield code="a">v.</subfield></datafield><datafield ind1=" " ind2=" " tag="310"><subfield code="a">Weekly</subfield></datafield><datafield ind1="0" ind2=" " tag="362"><subfield code="a">Vol. 1, no. 1 (June 29, 1985)-</subfield></datafield><datafield ind1=" " ind2=" " tag="752"><subfield code="a">United States</subfield><subfield code="b">Massachusetts</subfield><subfield code="c">Barnstable</subfield><subfield code="d">Falmouth.</subfield></datafield><datafield ind1=" " ind2=" " tag="752"><subfield code="a">United States</subfield><subfield code="b">Massachusetts</subfield><subfield code="c">Barnstable</subfield><subfield code="d">Bourne.</subfield></datafield><datafield ind1=" " ind2=" " tag="752"><subfield code="a">United States</subfield><subfield code="b">Massachusetts</subfield><subfield code="c">Barnstable</subfield><subfield code="d">Mashpee.</subfield></datafield><datafield ind1="0" ind2="0" tag="780"><subfield code="t">Enterprise (Falmouth, Mass. : 1983)</subfield><subfield code="w">(DLC)sn 89062127</subfield><subfield code="w">(OCoLC)19992928</subfield></datafield><datafield ind1=" " ind2=" " tag="936"><subfield code="a">Vol. 9, no. 3 (July 9, 1993) LIC</subfield></datafield></record>